@article{Protopapa2014,
  doi = {10.1002/bjs.9638},
  url = {https://doi.org/10.1002/bjs.9638},
  year = {2014},
  month = nov,
  publisher = {Wiley},
  volume = {101},
  number = {13},
  pages = {1774--1783},
  author = {K. L. Protopapa and J. C. Simpson and N. C. E. Smith and S. R. Moonesinghe},
  title = {Development and validation of the Surgical Outcome Risk Tool ({SORT})},
  journal = {British Journal of Surgery}
}

